<?xml version="1.0" encoding="UTF-8"?><collection xmlns="http://www.loc.gov/MARC21/slim"><record><leader>00511nam--2200181-i-4500</leader><controlfield tag="001">000031865</controlfield><controlfield tag="002">20161230</controlfield><controlfield tag="005">20161230201038</controlfield><controlfield tag="008">060222s1000------------r-----000-0-fre-d</controlfield><datafield ind1=" " ind2=" " tag="040"><subfield code="a">IFIN-HH</subfield></datafield><datafield ind1=" " ind2=" " tag="041"><subfield code="a">fre</subfield></datafield><datafield ind1=" " ind2=" " tag="080"><subfield code="a">543.422.25:539.143.43</subfield></datafield><datafield ind1="1" ind2=" " tag="100"><subfield code="a">Mavel, G</subfield></datafield><datafield ind1="1" ind2="0" tag="245"><subfield code="a">Theories moleculaires de la resonance magnetique nucleaire. applications a la chimie structurale</subfield><subfield code="c">G. mavel</subfield></datafield><datafield ind1=" " ind2=" " tag="260"><subfield code="a">Paris</subfield><subfield code="b">Dunod</subfield><subfield code="c">1966</subfield></datafield><datafield ind1=" " ind2=" " tag="300"><subfield code="a">X + 325P</subfield></datafield><datafield ind1=" " ind2=" " tag="852"><subfield code="a">23991</subfield><subfield code="c">539.143.43</subfield></datafield><datafield ind1=" " ind2=" " tag="CAT"><subfield code="a">Sys</subfield><subfield code="c">20120420</subfield><subfield code="h">092128</subfield></datafield></record></collection>